<record><leader>00000cas a22000007a 4500</leader><controlfield tag="001">9607482</controlfield><controlfield tag="008">830615d18771919ohuwr ne      0    0eng d</controlfield><datafield ind1=" " ind2=" " tag="010"><subfield code="a">sn 83035217 </subfield></datafield><datafield ind1=" " ind2=" " tag="040"><subfield code="a">NPY</subfield><subfield code="b">eng</subfield><subfield code="c">NPY</subfield><subfield code="d">ONP</subfield><subfield code="d">OCLCQ</subfield></datafield><datafield ind1=" " ind2=" " tag="042"><subfield code="a">msc</subfield></datafield><datafield ind1="0" ind2=" " tag="130"><subfield code="a">Democratic standard (Ashtabula, Ohio : 1877)</subfield></datafield><datafield ind1="1" ind2="0" tag="245"><subfield code="a">Democratic standard.</subfield></datafield><datafield ind1=" " ind2=" " tag="260"><subfield code="a">Ashtabula, Ohio :</subfield><subfield code="b">Sherman, Rote &amp; Co.,</subfield><subfield code="c">-1919.</subfield></datafield><datafield ind1=" " ind2=" " tag="300"><subfield code="a">42 v. :</subfield><subfield code="b">ill. ;</subfield><subfield code="c">55-62 cm.</subfield></datafield><datafield ind1=" " ind2=" " tag="310"><subfield code="a">Weekly</subfield></datafield><datafield ind1="1" ind2=" " tag="362"><subfield code="a">Began with Nov. 14, 1877 issue.</subfield></datafield><datafield ind1="0" ind2=" " tag="362"><subfield code="a">-v. 42, no. 48 (Nov. 28, 1919).</subfield></datafield><datafield ind1=" " ind2=" " tag="515"><subfield code="a">Started numbering with Vol. 1, no. 1, Whole Number 8 (Jan. 2, 1878).</subfield></datafield><datafield ind1=" " ind2=" " tag="588"><subfield code="a">Description based on: Nov. 28, 1877 issue.</subfield></datafield><datafield ind1=" " ind2=" " tag="752"><subfield code="a">United States</subfield><subfield code="b">Ohio</subfield><subfield code="c">Ashtabula</subfield><subfield code="d">Ashtabula.</subfield></datafield><datafield ind1="0" ind2="0" tag="785"><subfield code="t">Ashtabula standard</subfield><subfield code="w">(DLC)sn 83035218</subfield></datafield></record>